<collection xmlns="http://www.loc.gov/MARC21/slim">
<record>
  <leader>01433nam0a22002891i 450 </leader>
  <controlfield tag="001">IT\ICCU\CNCE\074231</controlfield>
  <controlfield tag="005">20090618000000.0</controlfield>
  <datafield tag="012" ind1=" " ind2=" ">
    <subfield code="a">s:in n-is amru dima (3) 1526 (R)</subfield>
    <subfield code="2">fei</subfield>
  </datafield>
  <datafield tag="100" ind1=" " ind2=" ">
    <subfield code="a">20090616d1526        0itac0103    ba</subfield>
  </datafield>
  <datafield tag="101" ind1=" " ind2=" ">
    <subfield code="a">LAT</subfield>
  </datafield>
  <datafield tag="102" ind1=" " ind2=" ">
    <subfield code="a">IT</subfield>
  </datafield>
  <datafield tag="200" ind1="1" ind2=" ">
    <subfield code="a">Bartholomei Donati philosophi Auersani De forma corporis questio ad nobilem ac magnanimum virum dominum Ioannem Bernardinum Garganum</subfield>
  </datafield>
  <datafield tag="210" ind1=" " ind2=" ">
    <subfield code="e">Impressa Neapoli</subfield>
    <subfield code="g">per magistrum Antonium de Frizis Corinaldensis</subfield>
    <subfield code="h">1526 mense Februarii die XXVI</subfield>
  </datafield>
  <datafield tag="215" ind1=" " ind2=" ">
    <subfield code="a">XXXVII, \1! c.</subfield>
    <subfield code="d">fol</subfield>
  </datafield>
  <datafield tag="300" ind1=" " ind2=" ">
    <subfield code="a">ANNULLATA  !!!!! vedi 17636Segn.: A- E6 F-G4 ; Capilettera, note, explicit ; Carattere gotico, corsivo, romano</subfield>
  </datafield>
  <datafield tag="620" ind1=" " ind2=" ">
    <subfield code="a">IT</subfield>
    <subfield code="d">Napoli</subfield>
  </datafield>
  <datafield tag="700" ind1=" " ind2="1">
    <subfield code="a">Donato,</subfield>
    <subfield code="b">Bartolomeo</subfield>
    <subfield code="3">IT\ICCU\CNCA\004904</subfield>
  </datafield>
  <datafield tag="712" ind1="0" ind2="0">
    <subfield code="a">Frezza, Antonio</subfield>
    <subfield code="3">IT\ICCU\CNCT\000142</subfield>
    <subfield code="4">650</subfield>
  </datafield>
  <datafield tag="791" ind1="0" ind2="0">
    <subfield code="a">Frizis, Antonius de</subfield>
    <subfield code="3">IT\ICCU\CNCT\003818</subfield>
    <subfield code="z">Frezza, Antonio</subfield>
  </datafield>
  <datafield tag="791" ind1="0" ind2="0">
    <subfield code="a">Fretia, Antonius</subfield>
    <subfield code="3">IT\ICCU\CNCT\003819</subfield>
    <subfield code="z">Frezza, Antonio</subfield>
  </datafield>
  <datafield tag="791" ind1="0" ind2="0">
    <subfield code="a">Friza, Antonio</subfield>
    <subfield code="3">IT\ICCU\CNCT\003820</subfield>
    <subfield code="z">Frezza, Antonio</subfield>
  </datafield>
  <datafield tag="791" ind1="0" ind2="0">
    <subfield code="a">Friciis, Antonius de</subfield>
    <subfield code="3">IT\ICCU\CNCT\003821</subfield>
    <subfield code="z">Frezza, Antonio</subfield>
  </datafield>
  <datafield tag="791" ind1="0" ind2="0">
    <subfield code="a">Fritiis, Antonius de</subfield>
    <subfield code="3">IT\ICCU\CNCT\003822</subfield>
    <subfield code="z">Frezza, Antonio</subfield>
  </datafield>
  <datafield tag="791" ind1="0" ind2="0">
    <subfield code="a">Frixis, Antonius de</subfield>
    <subfield code="3">IT\ICCU\CNCT\003823</subfield>
    <subfield code="z">Frezza, Antonio</subfield>
  </datafield>
  <datafield tag="791" ind1="0" ind2="0">
    <subfield code="a">Freza, Antonio</subfield>
    <subfield code="3">IT\ICCU\CNCT\005718</subfield>
    <subfield code="z">Frezza, Antonio</subfield>
  </datafield>
  <datafield tag="801" ind1=" " ind2="3">
    <subfield code="a">IT</subfield>
    <subfield code="b">ICCU</subfield>
    <subfield code="c">20201115</subfield>
  </datafield>
  <datafield tag="899" ind1=" " ind2=" ">
    <subfield code="a">Biblioteca diocesana S. Tommaso D&apos;Aquino. Piedimonte Matese</subfield>
    <subfield code="1">CE0061</subfield>
    <subfield code="2">CAM PM</subfield>
  </datafield>
</record>
</collection>
